@article{bresenham_1965,
  author={Bresenham, J. E.},
  journal={\ IBM Systems Journal}, 
  title={Algorithm for computer control of a digital plotter}, 
  year={1965},
  volume={4},
  number={1},
  pages={25-30},
  keywords={},
  doi={10.1147/sj.41.0025}}


@article{wikipedia_rasterung,
    title = {Rasterung von Linien},
    url = {https://de.wikipedia.org/wiki/Rasterung_von_Linien},
    author = {Wikipedia},
    journal = {Wikipedia},
    year = {2024}
}

@article{wikipedia_wu,
    title = {Xiaolin Wu's line algorithm},
    url = {https://en.wikipedia.org/wiki/Xiaolin_Wu's_line_algorithm},
    author = {Wikipedia},
    journal = {Wikipedia},
    year = {2024}
}

@article{bresenham_clipping,
    journal = {\ Computer Graphics Forum},
    title = {Bresenham's Line Generation Algorithm with Built-in Clipping},
    author = {Kuzmin, Yevgeny P.},
    year = {1995},
    publisher = {Blackwell Science Ltd and the Eurographics Association},
    ISSN = {1467-8659},
    DOI = {10.1111/1467-8659.1450275}
}

@article{pitteway,
    author = {Pitteway, M. L. V.},
    title = "{Algorithm for drawing ellipses or hyperbolae with a digital plotter}",
    journal = {\ The Computer Journal},
    volume = {10},
    number = {3},
    pages = {282-289},
    year = {1967},
    month = {01},
    issn = {0010-4620},
    doi = {10.1093/comjnl/10.3.282},
    url = {https://doi.org/10.1093/comjnl/10.3.282},
    eprint = {https://academic.oup.com/comjnl/article-pdf/10/3/282/1333509/100282.pdf},
}

@inproceedings{dda_raymarching,
    author = {Museth, Ken},
    title = {Hierarchical digital differential analyzer for efficient ray-marching in OpenVDB},
    year = {2014},
    isbn = {9781450329606},
    publisher = {Association for Computing Machinery},
    address = {New York, NY, USA},
    url = {https://doi.org/10.1145/2614106.2614136},
    doi = {10.1145/2614106.2614136},
    booktitle = {ACM SIGGRAPH 2014 Talks},
    articleno = {40},
    numpages = {1},
    location = {Vancouver, Canada},
    series = {SIGGRAPH '14}
}

@online{instruction_tables,
    title = {Instruction Tables},
    url = {https://www.agner.org/optimize/instruction_tables.pdf},
    author = {Agner Fog},
    year = {2022}
}

  


